@online{stackexchange,
	HOWPUBLISHED = "\url{https://stats.stackexchange.com/questions/2092/relationship-between-poisson-and-exponential-distribution}",
	AUTHOR = "None",
	TITLE = "Relationship between poisson and exponential distribution",
	MONTH = "Aug",
	YEAR = "2010",
	NOTE = "Accessed on 2020-04-07"
}

@online{exponential_and_poisson_proc,
	HOWPUBLISHED = "\url{https://actuarialmodelingtopics.wordpress.com/2016/07/12/the-exponential-distribution-and-the-poisson-process/}",
	AUTHOR = "Dan Ma",
	TITLE = "The exponential distribution and the Poisson process",
	MONTH = "Jul",
	YEAR = "2016",
	NOTE = "Accessed on 2020-04-07"
}


@online{exponential_distribution,
	HOWPUBLISHED = "\url{https://actuarialmodelingtopics.wordpress.com/2016/07/11/the-exponential-distribution/}",
	AUTHOR = "Dan Ma",
	TITLE = "The exponential distribution",
	MONTH = "Jul",
	YEAR = "2016",
	NOTE = "Accessed on 2020-04-07"
}